@ARTICLE{arXiv:0805.2366,
author = {{Ivezi{\'c}}, {\v{Z}}eljko et al.},
title = "{LSST: From Science Drivers to Reference Design and Anticipated Data Products}",
journal = {\apj},
keywords = {astrometry, cosmology: observations, Galaxy: general, methods: observational, stars: general, surveys, Astrophysics},
year = "2019",
month = "Mar",
volume = {873},
number = {2},
eid = {111},
pages = {111},
doi = {10.3847/1538-4357/ab042c},
archivePrefix = {arXiv},
eprint = {0805.2366},
primaryClass = {astro-ph},
adsurl = {https://ui.adsabs.harvard.edu/abs/2019ApJ...873..111I},
adsnote = {Provided by the SAO/NASA Astrophysics Data System}}


@article{arXiv:2010.05926,
title={The LSST DESC DC2 Simulated Sky Survey},
volume={253},
ISSN={1538-4365},
url={http://dx.doi.org/10.3847/1538-4365/abd62c},
DOI={10.3847/1538-4365/abd62c},
number={1},
journal={The Astrophysical Journal Supplement Series},
publisher={American Astronomical Society},
author={Abolfathi, Bela and Alonso, David and Armstrong, Robert and Aubourg, Eric  and Awan, Humna and Babuji, Yadu N. and Bauer, Franz Erik and Bean, Rachel and Beckett, George and Biswas, Rahul and et al.},
year={2021},
month={Mar},
pages={31}
}

@article{DMTN-137,
author = { Hsin-Fang Chiang and Dino Bektesevic and the AWS-PoC team },
title = {AWS Proof of Concept Project Report},
year = 2020,
month = jan,
handle = {DMTN-137},
publisher={Rubin Observatory},
url = {http://DMTN-137.lsst.io } }


@article{DMTN-125,
author = {Kian-Tat Lim},
title = "{Google Cloud Engagement Results}",
year = 2019,
month = jul,
handle = {DMTN-125},
publisher={Rubin Observatory},
url = {http://dmtn-125.lsst.io}
}

@INPROCEEDINGS{2018SPIE10707E..09J,
author = {Tim Jenness and Frossie Economou and Krzysztof Findeisen and Fabio Hernandez and Josh Hoblitt and others},
title = "{LSST data management software development practices and tools}",
booktitle = {Software and Cyberinfrastructure for Astronomy V},
year = 2018,
series = {\procspie},
volume = 10707,
month = jul,
eid = {1070709},
pages = {1070709},
doi = {10.1117/12.2312157},
adsurl = {http://adsabs.harvard.edu/abs/2018SPIE10707E..09J},
adsnote = {Provided by the SAO/NASA Astrophysics Data System}
}

@INPROCEEDINGS{2019AAS...23324505B,
author = {{Bektesevic}, Dino and {Mehta}, Parmita and {Juric}, Mario and {Slater}, Colin and {Balazinska}, Magdalena and {Connolly}, Andrew},
title = "{Cloud Services as an environment for large scale astronomical image analytics.}",
booktitle = {American Astronomical Society Meeting Abstracts \#233},
year = "2019",
series = {American Astronomical Society Meeting Abstracts},
volume = {233},
month = "Jan",
eid = {245.05},
pages = {245.05},
adsurl = {https://ui.adsabs.harvard.edu/abs/2019AAS...23324505B},
adsnote = {Provided by the SAO/NASA Astrophysics Data System}
}

