@ARTICLE{2019ApJ...873..111I, author = {{Ivezi{\'c}}, {\v Z}. and others}, title = "{LSST: From Science Drivers to Reference Design and Anticipated Data Products}", journal = {\apj}, archivePrefix = "arXiv", eprint = {0805.2366}, keywords = {astrometry, cosmology: observations, Galaxy: general, methods: observational, stars: general, surveys}, year = 2019, month = mar, volume = 873, eid = {111}, pages = {111}, doi = {10.3847/1538-4357/ab042c}, adsurl = {http://adsabs.harvard.edu/abs/2019ApJ...873..111I}, adsnote = {Provided by the SAO/NASA Astrophysics Data System} }

@article{arXiv:2010.05926,
title={The LSST DESC DC2 Simulated Sky Survey},
volume={253},
ISSN={1538-4365},
url={http://dx.doi.org/10.3847/1538-4365/abd62c},
DOI={10.3847/1538-4365/abd62c},
number={1},
journal={The Astrophysical Journal Supplement Series},
publisher={American Astronomical Society},
author={Abolfathi, Bela and others},
year={2021},
month={Mar},
pages={31}
}

@misc{DMTN-137,
author = {Hsin-Fang Chiang and Dino Bektesevic and the AWS-PoC team },
title = "{AWS Proof of Concept Project Report}",
year = 2020,
month = jan,
handle = {DMTN-137},
publisher={Rubin Observatory},
url = {http://DMTN-137.lsst.io } }


@misc{DMTN-125,
author = {Kian-Tat Lim},
title = "{Google Cloud Engagement Results}",
year = 2019,
month = jul,
handle = {DMTN-125},
publisher={Rubin Observatory},
url = {http://dmtn-125.lsst.io}
}

@INPROCEEDINGS{2018SPIE10707E..09J,
author = {Tim Jenness and others},
title = "{LSST data management software development practices and tools}",
booktitle = {Software and Cyberinfrastructure for Astronomy V},
year = 2018,
series = {\procspie},
volume = 10707,
month = jul,
eid = {1070709},
pages = {1070709},
doi = {10.1117/12.2312157},
adsurl = {http://adsabs.harvard.edu/abs/2018SPIE10707E..09J},
adsnote = {Provided by the SAO/NASA Astrophysics Data System}
}

@ARTICLE{2020arXiv201106044B,
       author = {{Bektesevic}, Dino and {Chiang}, Hsin-Fang and {Lim}, Kian-Tat and {Miller}, Todd L. and {Thain}, Greg and {Jenness}, Tim and {Bosch}, James and {Salnikov}, Andrei and {Connolly}, Andrew},
        title = "{A Gateway to Astronomical Image Processing: Vera C. RubinObservatory LSST Science Pipelines on AWS}",
      journal = {arXiv e-prints},
     keywords = {Astrophysics - Instrumentation and Methods for Astrophysics, D.0},
         year = 2020,
        month = nov,
          eid = {arXiv:2011.06044},
        pages = {arXiv:2011.06044},
archivePrefix = {arXiv},
       eprint = {2011.06044},
 primaryClass = {astro-ph.IM},
       adsurl = {https://ui.adsabs.harvard.edu/abs/2020arXiv201106044B},
      adsnote = {Provided by the SAO/NASA Astrophysics Data System}
}

@misc{RTN-001,
author = {William O'Mullane},
title = "{Data Preview 0: Definition and Planning}",
year = 2020,
month = Jun,
handle = {RTN-001},
publisher={Rubin Observatory},
url = {http://RTN-001.lsst.io } }

@misc{RDO-011,
author = {Phil Marshall},
title = "{Release Scenarios for LSST Data}",
year = 2020,
publisher={Rubin Observatory},
handle = {RDO-011},
url = {https://docushare.lsstcorp.org/docushare/dsweb/Get/RDO-11},
}

@INPROCEEDINGS{2019ASPC..523..653J,
author = {{Jenness}, Tim and {Bosch}, James and {Schellart}, Pim and {Lim}, Kian-Tat and {Salnikov}, Andrei and {Gower}, Michelle},
title = "{Abstracting the Storage and Retrieval of Image Data at the LSST}",
keywords = {Astrophysics - Instrumentation and Methods for Astrophysics},
booktitle = {Astronomical Data Analysis Software and Systems XXVII},
year = 2019,
editor = {{Teuben}, Peter J. and {Pound}, Marc W. and {Thomas}, Brian A. and {Warner}, Elizabeth M.},
series = {Astronomical Society of the Pacific Conference Series},
volume = {523},
month = oct,
pages = {653},
archivePrefix = {arXiv},
eprint = {1812.08085},
primaryClass = {astro-ph.IM},
adsurl = {https://ui.adsabs.harvard.edu/abs/2019ASPC..523..653J},
adsnote = {Provided by the SAO/NASA Astrophysics Data System}
}
